@inproceedings{bhattacharjee2019stock,
  title={Stock price prediction: a comparative study between traditional statistical approach and machine learning approach},
  author={Bhattacharjee, Indronil and Bhattacharja, Pryonti},
  booktitle={2019 4th international conference on electrical information and communication technology (EICT)},
  pages={1--6},
  year={2019},
  organization={IEEE}
}


@inproceedings{mehta2021stock,
  title={Stock price prediction using machine learning and sentiment analysis},
  author={Mehta, Yash and Malhar, Atharva and Shankarmani, Radha},
  booktitle={2021 2nd International Conference for Emerging Technology (INCET)},
  pages={1--4},
  year={2021},
  organization={IEEE}
}

@article{safi2021hybrid,
  title={A hybrid of artificial neural network, exponential smoothing, and ARIMA models for COVID-19 time series forecasting},
  author={Safi, Samir K and Sanusi, Olajide Idris},
  journal={Model Assisted Statistics and Applications},
  volume={16},
  number={1},
  pages={25--35},
  year={2021},
  publisher={IOS Press}
}

@article{dataset,
    author = {ACHINTYA TRIPATHI},
    title = {Yahoo Finance Apple Inc. (AAPL)},
    year = {2021}
}

@inproceedings{lamba2021comparative,
  title={Comparative Analysis of Artificial Neural Networks for Predicting Nifty 50 value in The Indian Stock Market},
  author={Lamba, Vikas and Hooda, Susheela and Solanki, Vikas and Ahuja, Rakesh and Ahuja, Sachin and Kaur, Amandeep},
  booktitle={2021 5th International Conference on Information Systems and Computer Networks (ISCON)},
  pages={1--5},
  year={2021},
  organization={IEEE}
}

@article{DEGROOT1991177,
title = {Analysis of univariate time series with connectionist nets: A case study of two classical examples},
journal = {Neurocomputing},
volume = {3},
number = {4},
pages = {177-192},
year = {1991},
issn = {0925-2312},
doi = {https://doi.org/10.1016/0925-2312(91)90040-I},
url = {https://www.sciencedirect.com/science/article/pii/092523129190040I},
author = {C. {de Groot} and D. WÃ¼rtz},
}

@article{wu2020deep,
  title={Deep transformer models for time series forecasting: The influenza prevalence case},
  author={Wu, Neo and Green, Bradley and Ben, Xue and O'Banion, Shawn},
  journal={arXiv preprint arXiv:2001.08317},
  year={2020}
}

@inproceedings{lim2021stacked,
  title={Stacked bidirectional long short-term memory for stock market analysis},
  author={Lim, Jing Yee and Lim, Kian Ming and Lee, Chin Poo},
  booktitle={2021 IEEE International Conference on Artificial Intelligence in Engineering and Technology (IICAIET)},
  pages={1--5},
  year={2021},
  organization={IEEE}
}

@inproceedings{peng2019stocks,
  title={Stocks analysis and prediction using big data analytics},
  author={Peng, Zhihao},
  booktitle={2019 international conference on intelligent transportation, big data \& smart City (ICITBS)},
  pages={309--312},
  year={2019},
  organization={IEEE}
}

@inproceedings{sen2021volatility,
  title={Volatility modeling of stocks from selected sectors of the Indian economy using GARCH},
  author={Sen, Jaydip and Mehtab, Sidra and Dutta, Abhishek},
  booktitle={2021 Asian Conference on Innovation in Technology (ASIANCON)},
  pages={1--9},
  year={2021},
  organization={IEEE}
}